<record><leader>00000cas a22000007a 4500</leader><controlfield tag="001">32294663</controlfield><controlfield tag="008">950412d185u186utnuwr ne      0    0eng d</controlfield><datafield ind1=" " ind2=" " tag="010"><subfield code="a">sn 95068540 </subfield></datafield><datafield ind1=" " ind2=" " tag="040"><subfield code="a">MGN</subfield><subfield code="b">eng</subfield><subfield code="c">MGN</subfield><subfield code="d">OCLCQ</subfield></datafield><datafield ind1=" " ind2=" " tag="042"><subfield code="a">msc</subfield></datafield><datafield ind1="0" ind2="0" tag="245"><subfield code="a">Memphis, Arkansas and Ouachita Christian advocate.</subfield></datafield><datafield ind1=" " ind2=" " tag="260"><subfield code="a">Memphis Tenn. :</subfield><subfield code="b">Joint committee of the Memphis, Arkansas, and Ouachita conferences</subfield></datafield><datafield ind1=" " ind2=" " tag="300"><subfield code="a">v.</subfield></datafield><datafield ind1=" " ind2=" " tag="310"><subfield code="a">Weekly</subfield></datafield><datafield ind1=" " ind2=" " tag="500"><subfield code="a">Editor: S. Watson, &lt;1860&gt;.</subfield></datafield><datafield ind1=" " ind2=" " tag="500"><subfield code="a">Printer: S.L. Reneau, &lt;1860&gt;.</subfield></datafield><datafield ind1=" " ind2=" " tag="500"><subfield code="a">"Memphis, Arkansas and Ouachita" appears above masthead ornament.</subfield></datafield><datafield ind1=" " ind2=" " tag="588"><subfield code="a">Description based on: Vol. 10, no. 41 (Aug. 2, 1860) = whole no. 514.</subfield></datafield><datafield ind1=" " ind2=" " tag="752"><subfield code="a">United States</subfield><subfield code="b">Tennessee</subfield><subfield code="c">Shelby</subfield><subfield code="d">Memphis.</subfield></datafield><datafield ind1="0" ind2="0" tag="785"><subfield code="t">Christian advocate (Memphis, Tenn.)</subfield><subfield code="w">(DLC)sn 95068541</subfield></datafield></record>